@inproceedings{rich,
  title={Recognizing engagement in human-robot interaction},
  author={Rich, Charles and Ponsler, Brett and Holroyd, Aaron and Sidner, Candace L},
  booktitle={Human-Robot Interaction (HRI), 2010 5th ACM/IEEE International Conference on},
  pages={375--382},
  year={2010},
  organization={IEEE}
}